Date,Sales
11/14/2015,72
11/15/2015,69
11/16/2015,65
11/17/2015,69
11/18/2015,70
11/19/2015,76
11/20/2015,69
11/21/2015,71
11/22/2015,73
11/23/2015,70
11/24/2015,64
11/25/2015,66
11/26/2015,71
11/27/2015,71
11/28/2015,71
11/29/2015,71
11/30/2015,68
12/1/15,71
12/2/15,73
12/3/15,75
12/4/15,73
12/5/15,75
12/6/15,75
12/7/15,67
12/8/15,68
12/9/15,69
12/10/15,75
12/11/15,71
12/12/15,78
12/13/2015,71
12/14/2015,71
12/15/2015,70
12/16/2015,69
12/17/2015,74
12/18/2015,74
12/19/2015,76
12/20/2015,75
12/21/2015,74
12/22/2015,69
12/23/2015,69
12/24/2015,77
12/25/2015,75
12/26/2015,74
12/27/2015,77
12/28/2015,72
12/29/2015,71
12/30/2015,71
12/31/2015,78
1/1/16,75
1/2/16,73
1/3/16,74
1/4/16,68
1/5/16,73
1/6/16,70
1/7/16,74
1/8/16,72
1/9/16,73
1/10/16,72
1/11/16,72
1/12/16,71
1/13/2016,71
1/14/2016,79
1/15/2016,73
1/16/2016,77
1/17/2016,76
1/18/2016,75
1/19/2016,68
1/20/2016,75
1/21/2016,80
1/22/2016,76
1/23/2016,80
1/24/2016,74
1/25/2016,76
1/26/2016,72
1/27/2016,75
1/28/2016,75
1/29/2016,72
1/30/2016,81
1/31/2016,76
2/1/16,73
2/2/16,69
2/3/16,72
2/4/16,79
2/5/16,74
2/6/16,82
2/7/16,80
2/8/16,73
2/9/16,69
2/10/16,75
2/11/16,79
2/12/16,76
2/13/2016,81
2/14/2016,78
2/15/2016,76
2/16/2016,71
2/17/2016,75
2/18/2016,80
2/19/2016,71
2/20/2016,77
2/21/2016,80
2/22/2016,71
2/23/2016,76
2/24/2016,77
2/25/2016,77
2/26/2016,76
2/27/2016,77
2/28/2016,80
2/29/2016,73
3/1/16,71
3/2/16,79
3/3/16,78
3/4/16,79
3/5/16,82
3/6/16,76
3/7/16,76
3/8/16,77
3/9/16,75
3/10/16,85
3/11/16,79
3/12/16,84
3/13/2016,79
3/14/2016,77
3/15/2016,76
3/16/2016,76
3/17/2016,80
3/18/2016,77
3/19/2016,83
3/20/2016,78
3/21/2016,79
3/22/2016,78
3/23/2016,74
3/24/2016,80
3/25/2016,77
3/26/2016,84
3/27/2016,81
3/28/2016,79
3/29/2016,75
3/30/2016,81
3/31/2016,85
4/1/16,80
4/2/16,81
4/3/16,81
4/4/16,75
4/5/16,72
4/6/16,74
4/7/16,84
4/8/16,81
4/9/16,81
4/10/16,77
4/11/16,76
4/12/16,77
4/13/2016,80
4/14/2016,85
4/15/2016,81
4/16/2016,84
4/17/2016,84
4/18/2016,81
4/19/2016,75
4/20/2016,78
4/21/2016,80
4/22/2016,75
4/23/2016,84
4/24/2016,78
4/25/2016,82
4/26/2016,75
4/27/2016,80
4/28/2016,85
4/29/2016,78
4/30/2016,81
5/1/16,81
5/2/16,78
5/3/16,75
5/4/16,77
5/5/16,86
5/6/16,77
5/7/16,87
5/8/16,80
5/9/16,79
5/10/16,76
5/11/16,79
5/12/16,87
5/13/2016,77
5/14/2016,88
5/15/2016,84
5/16/2016,77
5/17/2016,74
5/18/2016,83
5/19/2016,81
5/20/2016,82
5/21/2016,83
5/22/2016,83
5/23/2016,78
5/24/2016,80
5/25/2016,84
5/26/2016,82
5/27/2016,82
5/28/2016,86
5/29/2016,81
5/30/2016,76
5/31/2016,81
6/1/16,78
6/2/16,86
6/3/16,81
6/4/16,87
6/5/16,82
6/6/16,80
6/7/16,77
6/8/16,84
6/9/16,88
6/10/16,82
6/11/16,88
6/12/16,87
6/13/2016,76
6/14/2016,82
6/15/2016,80
6/16/2016,87
6/17/2016,81
6/18/2016,82
6/19/2016,81
6/20/2016,83
6/21/2016,81
6/22/2016,82
6/23/2016,90
6/24/2016,82
6/25/2016,83
6/26/2016,84
6/27/2016,83
6/28/2016,76
6/29/2016,81
6/30/2016,87
7/1/16,80
7/2/16,88
7/3/16,80
7/4/16,78
7/5/16,79
7/6/16,80
7/7/16,83
7/8/16,78
7/9/16,89
7/10/16,84
7/11/16,82
7/12/16,80
7/13/2016,80
7/14/2016,86
7/15/2016,82
7/16/2016,91
7/17/2016,82
7/18/2016,84
7/19/2016,77
7/20/2016,86
7/21/2016,90
7/22/2016,87
7/23/2016,91
7/24/2016,89
7/25/2016,84
7/26/2016,78
7/27/2016,80
7/28/2016,84
7/29/2016,82
7/30/2016,85
7/31/2016,84
8/1/16,78
8/2/16,78
8/3/16,79
8/4/16,91
8/5/16,79
8/6/16,88
8/7/16,87
8/8/16,82
8/9/16,83
8/10/16,82
8/11/16,89
8/12/16,87
8/13/2016,90
8/14/2016,84
8/15/2016,84
8/16/2016,80
8/17/2016,88
8/18/2016,87
8/19/2016,81
8/20/2016,85
8/21/2016,90
8/22/2016,84
8/23/2016,77
8/24/2016,80
8/25/2016,88
8/26/2016,86
8/27/2016,93
8/28/2016,85
8/29/2016,87
8/30/2016,83
8/31/2016,85
9/1/16,87
9/2/16,82
9/3/16,89
9/4/16,91
9/5/16,80
9/6/16,82
9/7/16,84
9/8/16,94
9/9/16,84
9/10/16,88
9/11/16,91
9/12/16,83
9/13/2016,83
9/14/2016,87
9/15/2016,95
9/16/2016,83
9/17/2016,90
9/18/2016,88
9/19/2016,83
9/20/2016,87
9/21/2016,90
9/22/2016,96
9/23/2016,88
9/24/2016,94
9/25/2016,86
9/26/2016,89
9/27/2016,87
9/28/2016,91
9/29/2016,89
9/30/2016,90
10/1/16,90
10/2/16,86
10/3/16,82
10/4/16,86
10/5/16,83
10/6/16,96
10/7/16,86
10/8/16,92
10/9/16,90
10/10/16,89
10/11/16,86
10/12/16,91
10/13/2016,96
10/14/2016,91
10/15/2016,96
10/16/2016,88
10/17/2016,85
10/18/2016,87
10/19/2016,91
10/20/2016,90
10/21/2016,90
10/22/2016,97
10/23/2016,89
10/24/2016,84
10/25/2016,90
10/26/2016,88
10/27/2016,96
10/28/2016,90
10/29/2016,97
10/30/2016,89
10/31/2016,90
11/1/16,84
11/2/16,89
11/3/16,95
11/4/16,87
11/5/16,96
11/6/16,88
11/7/16,92
11/8/16,91
11/9/16,92
11/10/16,95
11/11/16,91
11/12/16,100
11/13/2016,91
11/14/2016,90
11/15/2016,89
11/16/2016,86
11/17/2016,97
11/18/2016,95
11/19/2016,96
11/20/2016,94
11/21/2016,90
11/22/2016,92
11/23/2016,90
11/24/2016,99
11/25/2016,88
11/26/2016,93
11/27/2016,90
11/28/2016,86
11/29/2016,88
11/30/2016,90
12/1/16,99
12/2/16,92
12/3/16,96
12/4/16,93
12/5/16,95
12/6/16,86
12/7/16,93
12/8/16,97
12/9/16,94
12/10/16,99
12/11/16,100
12/12/16,95
12/13/2016,94
12/14/2016,92
12/15/2016,104
12/16/2016,90
12/17/2016,95
12/18/2016,96
12/19/2016,89
12/20/2016,93
12/21/2016,97
12/22/2016,103
12/23/2016,92
12/24/2016,100
12/25/2016,92
12/26/2016,97
12/27/2016,93
12/28/2016,96
12/29/2016,105
12/30/2016,99
12/31/2016,97
1/1/17,94
1/2/17,96
1/3/17,95
1/4/17,92
1/5/17,106
1/6/17,93
1/7/17,100
1/8/17,97
1/9/17,95
1/10/17,97
1/11/17,97
1/12/17,99
1/13/2017,94
1/14/2017,102
1/15/2017,99
1/16/2017,95
1/17/2017,89
1/18/2017,97
1/19/2017,103
1/20/2017,93
1/21/2017,106
1/22/2017,100
1/23/2017,95
1/24/2017,95
1/25/2017,94
1/26/2017,103
1/27/2017,95
1/28/2017,99
1/29/2017,97
1/30/2017,99
1/31/2017,92
2/1/17,103
2/2/17,105
2/3/17,94
2/4/17,104
2/5/17,99
2/6/17,99
2/7/17,97
2/8/17,97
2/9/17,102
2/10/17,97
2/11/17,108
2/12/17,104
2/13/2017,102
2/14/2017,100
2/15/2017,99
2/16/2017,104
2/17/2017,103
2/18/2017,109
2/19/2017,102
2/20/2017,95
2/21/2017,100
2/22/2017,98
2/23/2017,108